<record><leader>00000cas a22000007a 4500</leader><controlfield tag="001">12359264</controlfield><controlfield tag="008">850807d19811982utuwr ne      0    0eng d</controlfield><datafield ind1=" " ind2=" " tag="010"><subfield code="a">sn 85058203 </subfield></datafield><datafield ind1=" " ind2=" " tag="040"><subfield code="a">UNP</subfield><subfield code="b">eng</subfield><subfield code="c">UNP</subfield><subfield code="d">OCLCQ</subfield></datafield><datafield ind1=" " ind2=" " tag="042"><subfield code="a">msc</subfield></datafield><datafield ind1="0" ind2="4" tag="245"><subfield code="a">The Basin newsprint.</subfield></datafield><datafield ind1="1" ind2="3" tag="246"><subfield code="a">Newsprint</subfield></datafield><datafield ind1=" " ind2=" " tag="260"><subfield code="a">Vernal, Utah :</subfield><subfield code="b">W.G. Nuttall,</subfield><subfield code="c">1981-1982.</subfield></datafield><datafield ind1=" " ind2=" " tag="300"><subfield code="a">2 v. :</subfield><subfield code="b">ill. ;</subfield><subfield code="c">58 cm.</subfield></datafield><datafield ind1=" " ind2=" " tag="310"><subfield code="a">Weekly</subfield></datafield><datafield ind1=" " ind2=" " tag="321"><subfield code="a">Semiweekly,</subfield><subfield code="b">Apr. 2-June 11, 1982</subfield></datafield><datafield ind1="0" ind2=" " tag="362"><subfield code="a">Vol. 1, no. 1 (Nov. 4, 1981)-v. 2, no. 55 (Nov. 10, 1982).</subfield></datafield><datafield ind1=" " ind2=" " tag="525"><subfield code="a">Supplements accompany many issues.</subfield></datafield><datafield ind1=" " ind2=" " tag="580"><subfield code="a">Merged with: Basin nickel ads, to form: Basin nickel ads and newsprint.</subfield></datafield><datafield ind1=" " ind2=" " tag="752"><subfield code="a">United States</subfield><subfield code="b">Utah</subfield><subfield code="c">Uintah</subfield><subfield code="d">Vernal.</subfield></datafield><datafield ind1="1" ind2="7" tag="785"><subfield code="t">Basin nickel ads</subfield></datafield><datafield ind1="1" ind2="7" tag="785"><subfield code="t">Basin nickel ads and newsprint</subfield><subfield code="w">(DLC)sn 85058204</subfield><subfield code="w">(OCoLC)12359306</subfield></datafield></record>